---
---

@article{ying2020,
  abbr={NeurIPS},
  html={https://proceedings.neurips.cc/paper/2020/hash/4ef42b32bccc9485b10b8183507e5d82-Abstract.html},
  code={https://github.com/mirca/sparseGraph},
  pdf={https://proceedings.neurips.cc/paper/2020/file/4ef42b32bccc9485b10b8183507e5d82-Paper.pdf},
  selected={true},
  title={Nonconvex Sparse Graph Learning under Laplacian Constrained Graphical Model},
  author={Ying, J. and Cardoso, J. V. M. and Palomar, D. P.},
  booktitle={Advances in Neural Information Processing Systems},
  year={2020},
}

@article{kumar2020,
  abbr={JMLR},
  html={https://www.jmlr.org/papers/v21/19-276.html},
  code={https://github.com/dppalomar/spectralGraphTopology},
  pdf={https://www.jmlr.org/papers/volume21/19-276/19-276.pdf},
  selected={true},
  title={A Unified Framework for Structured Graph Learning via Spectral Constraints},
  author={Kumar, S. and Ying, J. and Cardoso, J. V. M. and Palomar, D. P.},
  year={2020},
  journal={Journal of Machine Learning Research},
  volume={21},
  pages={1--60},
  issue={22},
}

@inproceedings{kumar20192,
  abbr={NeurIPS},
  html={https://papers.nips.cc/paper/9339-structured-graph-learning-via-laplacian-spectral-constraints},
  code={https://github.com/dppalomar/spectralGraphTopology},
  metareview={https://media.nips.cc/nipsbooks/nipspapers/paper_files/nips32/reviews/6220-metareview.html},
  pdf={https://papers.nips.cc/paper/9339-structured-graph-learning-via-laplacian-spectral-constraints.pdf},
  selected={true},
  title={Structured Graph Learning Via Laplacian Spectral Constraints},
  author={Kumar, S. and Ying, J. and Cardoso, J. V. M. and Palomar, D. P.},
  booktitle={Advances in Neural Information Processing Systems},
  year={2019},
}
